@article{matsumoto1998mtd,
  title={{Mersenne Twister: A 623-Dimensionally Equidistributed Uniform Pseudo-Random Number Generator}},
  author={Matsumoto, M. and Nishimura, T.},
  journal={ACM Transactions on Modeling and Computer Simulation},
  volume={8},
  number={1},
  pages={3--30},
  year={1998}
}

@Book{Galassi:2006:GSL,
  author = {{M. Galassi and J. Davies and J. Theiler and B. Gough and G. Jungman and M. Booth and F. Rossi}},
  title = {{GNU Scientific Library Reference Manual - Revised Second Edition (v1.8)}},
  publisher ={{Network Theory Ltd}},
  address = {{Bristol, United Kingdom}},
  year = 2006
}

